@inproceedings{10.5555/3157382.3157504,
author = {Vinyals, Oriol and Blundell, Charles and Lillicrap, Timothy and Kavukcuoglu, Koray and Wierstra, Daan},
title = {Matching Networks for One Shot Learning},
year = {2016},
isbn = {9781510838819},
publisher = {Curran Associates Inc.},
address = {Red Hook, NY, USA},
booktitle = {Proceedings of the 30th International Conference on Neural Information Processing Systems},
pages = {3637â€“3645},
numpages = {9},
location = {Barcelona, Spain},
series = {NIPS'16}
}
@misc{sung2018learning,
      title={Learning to Compare: Relation Network for Few-Shot Learning}, 
      author={Flood Sung and Yongxin Yang and Li Zhang and Tao Xiang and Philip H. S. Torr and Timothy M. Hospedales},
      year={2018},
      eprint={1711.06025},
      archivePrefix={arXiv},
      primaryClass={cs.CV}
}